<?xml version="1.0" encoding="UTF-8"?><record xmlns="http://www.loc.gov/MARC21/slim" xmlns:cinclude="http://apache.org/cocoon/include/1.0" xmlns:zs="http://www.loc.gov/zing/srw/">
  <leader>00787nz  a2200169n  4500</leader>
  <controlfield tag="001">no2011060037</controlfield>
  <controlfield tag="003">DLC</controlfield>
  <controlfield tag="005">20110416075157.0</controlfield>
  <controlfield tag="008">110414n| azannaabn          |a ana     c</controlfield>
  <datafield tag="010" ind1=" " ind2=" ">
    <subfield code="a">no2011060037</subfield>
  </datafield>
  <datafield tag="035" ind1=" " ind2=" ">
    <subfield code="a">(OCoLC)oca08829764</subfield>
  </datafield>
  <datafield tag="040" ind1=" " ind2=" ">
    <subfield code="a">CSt</subfield>
    <subfield code="b">eng</subfield>
    <subfield code="c">CSt</subfield>
    <subfield code="e">rda</subfield>
  </datafield>
  <datafield tag="110" ind1="2" ind2=" ">
    <subfield code="a">International Society of Environmental Bioindicators</subfield>
  </datafield>
  <datafield tag="410" ind1="2" ind2=" ">
    <subfield code="a">ISEBI</subfield>
  </datafield>
  <datafield tag="510" ind1="2" ind2=" ">
    <subfield code="w">b</subfield>
    <subfield code="a">International Society of Environmental Indicators</subfield>
  </datafield>
  <datafield tag="670" ind1=" " ind2=" ">
    <subfield code="a">Environmental bioindicators, v. 1, issue 1, 2006:</subfield>
    <subfield code="b">announcement (International Society of Environmental Bioindicators; ISEBI; inaugural year ended June 26, 2006)</subfield>
  </datafield>
  <datafield tag="675" ind1=" " ind2=" ">
    <subfield code="a">Environmental indicators (International Society of Environmental Indicators). Environmental indicators, 2010: journal homepage (International Society of Environmental Indicators; ISEI)</subfield>
  </datafield>
</record>